<?xml version="1.0" encoding="UTF-8"?><collection xmlns="http://www.loc.gov/MARC21/slim"><record><leader>00369nam--2200109-i-4500</leader><controlfield tag="001">000002944</controlfield><controlfield tag="002">20161230</controlfield><controlfield tag="005">20161230201025</controlfield><controlfield tag="008">060222s1000------------r-----000-0-eng-d</controlfield><datafield ind1=" " ind2=" " tag="245"><subfield code="a">Actes du 2-e congres international de photo- graphie et cinematographie... paris, 1954, presentees par p.naslin et j.vivie</subfield></datafield><datafield ind1=" " ind2=" " tag="260"><subfield code="a">Paris, Dunod, 1956 Xxviii + 456 P.In Folio</subfield></datafield><datafield ind1=" " ind2=" " tag="852"><subfield code="a">12998</subfield></datafield></record></collection>